@article{Brody1996,
author = {Brody, J and Yager, P and Goldstein, R and Austin, R},
doi = {10.1016/S0006-3495(96)79538-3},
file = {:D$\backslash$:/MendeleyPapers/Brody et al./1996/Biotechnology at low Reynolds numbers - 1996.pdf:pdf},
issn = {00063495},
journal = {Biophysical Journal},
month = dec,
number = {6},
pages = {3430--3441},
publisher = {Elsevier},
title = {{Biotechnology at low Reynolds numbers}},
url = {http://linkinghub.elsevier.com/retrieve/pii/S0006349596795383},
volume = {71},
year = {1996}
} 

@book{hastie2009elements,
  title={The Elements of Statistical Learning: Data Mining, Inference, and Prediction},
  author={Hastie, T. and Tibshirani, R. and Friedman, J.H.},
  isbn={9780387952840},
  lccn={20031433},
  series={Springer series in statistics},
  year={2009},
  publisher={Springer},
  edition={2}
}

@article{vo2006PHD,
author = {Ba-Ngu Vo, Wing-Kin Ma},
journal = {IEEE TRANSACTIONS SIGNAL PROCESSING},
month = nov,
number = {11},
pages = {4091--4104},
title = {{The Gaussian Mixture Probability Hypothesis Density Filter}},
volume = {54},
year = {2006}
} 

@inproceedings{clark2006gm,
  title={The GM-PHD filter multiple target tracker},
  author={Clark, Daniel E and Panta, Kusha and Vo, Ba-Ngu},
  booktitle={Information Fusion, 2006 9th International Conference on},
  pages={1--8},
  year={2006},
  organization={IEEE}
}

@article{mahler2003multitarget,
  title={Multitarget Bayes filtering via first-order multitarget moments},
  author={Mahler, Ronald PS},
  journal={Aerospace and Electronic Systems, IEEE Transactions on},
  volume={39},
  number={4},
  pages={1152--1178},
  year={2003},
  publisher={IEEE}
}

@ARTICLE{koch2008elliptical,
author={J. W. Koch},
journal={IEEE Transactions on Aerospace and Electronic Systems},
title={Bayesian approach to extended object and cluster tracking using random matrices},
year={2008},
volume={44},
number={3},
pages={1042-1059},
keywords={Bayes methods;filtering theory;matrix algebra;pattern clustering;random processes;sensor fusion;tracking;Bayes method;cluster tracking;object extension;random matrix;sensor data fusion;tracking algorithms;Bayesian methods;Clustering algorithms;Object detection;Scattering;Sensor fusion;Signal processing;Signal processing algorithms;Signal resolution;Surveillance;Target tracking},
doi={10.1109/TAES.2008.4655362},
ISSN={0018-9251},
month={July},}

@BOOK{barberBRML2014,
author = {Barber, D.},
title= {{Bayesian Reasoning and Machine Learning}},
publisher = {{Cambridge University Press}},
year = 2014}

@ARTICLE{granstrEllipPHD2012,
author={K. Granstrom and U. Orguner},
journal={IEEE Transactions on Signal Processing},
title={A phd Filter for Tracking Multiple Extended Targets Using Random Matrices},
year={2012},
volume={60},
number={11},
pages={5657-5671},
keywords={filtering theory;radar clutter;radar tracking;target tracking;PHD filter;clutter measurements;filter recursion;laser scans;missed detections;multiple target likelihood;random matrices;random matrix framework;tracking multiple extended targets;Approximation methods;Kinematics;Laser modes;Measurement by laser beam;Radar tracking;Symmetric matrices;Target tracking;Extended target;Gaussian distribution;PHD filter;inverse Wishart distribution;laser sensor;occlusion;probability of detection;random matrix;random set;target tracking},
doi={10.1109/TSP.2012.2212888},
ISSN={1053-587X},
month={Nov},}

@article{giwphdtechnical,
author = {K. Granstrom and U. Orguner},
month = mar,
title = {{Implementation of the GIW-PHD filter}},
year = {2012}
} 

@techreport{Moore_1991_2818_kd,
   author = "Andrew Moore",
   title = "An introductory tutorial on kd-trees",
   booktitle = "",
   institution = "",
   year = "1991",
   number= "Technical Report No. 209, Computer Laboratory, University of Cambridge",
   address= "Pittsburgh, PA",
} 

@ARTICLE{Geiger2013IJRR,
  author = {Andreas Geiger and Philip Lenz and Christoph Stiller and Raquel Urtasun},
  title = {Vision meets Robotics: The KITTI Dataset},
  journal = {International Journal of Robotics Research (IJRR)},
  year = {2013}
} 